% bachelor thesis of my supervisor
@misc{schlegel-bachelor,
  author      = {Schlegel, J.},
  year        = {2020},
  title       = {Spin fluctuations in magnetic materials: a computer simulation},
  type        = {Bachelorarbeit},
  institution = {Universität Konstanz}
}

% master thesis of my supervisor
@misc{schlegel-master,
  author      = {Schlegel, J.},
  year        = {2022},
  title       = {Computer simulations on spin noise in antiferromagnetic structures},
  type        = {Masterarbeit},
  institution = {Universität Konstanz}
}

# Lehrbücher

@book{matphys,
  author    = {Balakrishnan, V.},
  year      = {2020},
  title     = {Mathematical Physics - Applications and Problems},
  edition   = {},
  isbn      = {978-3-030-39680-0},
  publisher = {Springer Nature},
  address   = {Singapore}
}


@book{Nolting-3-elektrodynamik,
  title     = {Grundkurs Theoretische Physik 3: Elektrodynamik},
  author    = {Wolfgang Nolting (auth.)},
  publisher = {Springer Spektrum},
  isbn      = {978-3-642-37904-8,978-3-642-37905-5},
  year      = {2013},
  series    = {Springer-Lehrbuch},
  edition   = {10},
  volume    = {}
}

@book{Nolting-6-statistische-physik,
  title     = {Grundkurs Theoretische Physik 6: Statistische Physik},
  author    = {Wolfgang Nolting (auth.)},
  publisher = {Springer Spektrum},
  isbn      = {978-3-642-25392-8,978-3-642-25393-5},
  year      = {2014},
  series    = {Springer-Lehrbuch},
  edition   = {7},
  volume    = {}
}

@book{magnetism-in-condensed-matter,
  title     = {Magnetism in condensed matter},
  author    = {Stephen Blundell},
  publisher = {Oxford University Press },
  isbn      = {0198505922,9780198505921,0198505914,9780198505914},
  year      = {2011},
  series    = {Oxford master series in condensed matter physics},
  edition   = {},
  volume    = {}
}

@book{qm-1-Schwabl,
  author    = {Schwabl,Franz},
  year      = {2007},
  title     = {Quantenmechanik (QM I): Eine Einführung},
  publisher = {Springer Berlin Heidelberg},
  address   = {Berlin, Heidelberg},
  edition   = {7},
  abstract  = {Historische und experimentelle Grundlagen -- Wellenfunktion und Schrödinger-Gleichung -- Eindimensionale Probleme -- Unschärferelation -- Der Drehimpuls -- Zentralpotential I -- Bewegung im elektromagnetischen Feld -- Operatoren, Matrizen, Zustandsvektoren -- Spin -- Addition von Drehimpulsen -- Näherungsmethoden für stationäre Zustände -- Relativistische Korrekturen -- Atome mit mehreren Elektronen -- Zeeman-Effekt und Stark-Effekt -- Moleküle -- Zeitabhängige Phänomene -- Zentralpotential II -- Streutheorie -- Supersymmetrische Quantentheorie -- Zustand und Meßprozeß in der Quantenmechanik.  Die umfassend überarbeitete und ergänzte siebte Auflage der Quantenmechanik (QM I) enthält zahlreiche neu gestaltete Abbildungen, die das Verständnis des Textes vertiefen. Neben den Grundlagen und vielen Anwendungen werden auch neue Aspekte der Quantentheorie und deren experimentelle Überprüfung dargestellt. Durch explizite Ausführung aller Zwischenrechnungen wird die Quantenmechanik dem Studierenden transparent gemacht. Im Anhang finden sich mathematische Hilfsmittel zur Lösung linearer Differentialgleichungen sowie ergänzende Formeln. Kapitel zur supersymmetrischen Quantenmechanik und zur Theorie des Messprozesses in der Quantenmechanik finden Interesse bei allen, die weiter in die Thematik eindringen möchten. Mehr als hundert Aufgaben dienen zur Vertiefung des gebotenen Stoffes. Dieses Buch dient auch als ideale Vorbereitung für die Quantenmechanik für Fortgeschrittene (QM II) desselben Autors.},
  keywords  = {Chemistry; Chemistry, Physical and theoretical; Dynamical systems; Physics; Quantenmechanik; Quantum physics; Quantum theory; Statistical physics},
  isbn      = {3540736751;9783540736752;},
  language  = {German}
}

# Wissenschaftliche Paper

@article{random-telegraph,
  author   = {Yuzhelevski, Y. and Yuzhelevski, M. and Jung, G.},
  title    = {{Random telegraph noise analysis in time domain}},
  journal  = {Review of Scientific Instruments},
  volume   = {71},
  number   = {4},
  pages    = {1681-1688},
  year     = {2000},
  month    = {04},
  abstract = {{A new procedure for analysis of random telegraph signals in time domain has been developed and applied to the analysis of voltage fluctuations in the current induced dissipative state in superconducting thin films. The procedure, based entirely on the difference in the statistical properties of discrete Marcovian telegraph fluctuations and Gaussian background noise, ascribes each point of the experimental time record to one of the telegraph states. The average statistical lifetimes and amplitudes of the telegraph signal are then determined in an iterative way by fitting the amplitude histogram of thus obtained record of the redistributed data to the two-Gaussian histogram of the original experimental signal. The procedure allows for analyzing “noisy” random telegraph signals with low ratio between the signal amplitude and the intensity of the background noise that cannot be analyzed by the classical approach. Separation of the time record into two subrecords relative to two telegraph states also enables in-depth analysis of the spectral properties of the background noise observed together with the telegraph fluctuations.}},
  issn     = {0034-6748},
  doi      = {10.1063/1.1150519},
  url      = {https://doi.org/10.1063/1.1150519},
  eprint   = {https://pubs.aip.org/aip/rsi/article-pdf/71/4/1681/8813943/1681\_1\_online.pdf}
}


@incollection{Nowak-classical-spin-models,
  year={2007},
  title={Classical Spin Models},
  number={2},
  publisher={Wiley},
  address={Chichester},
  series={Handbook of magnetism and advanced magnetic materials},
  booktitle={Micromagnetism},
  pages={858--876},
  editor={Kronmüller, Helmut},
  author={Nowak, Ulrich}
}